@article{lehmann2015dbpedia,
  title={DBpedia--a large-scale, multilingual knowledge base extracted from Wikipedia},
  author={Lehmann, Jens and Isele, Robert and Jakob, Max and Jentzsch, Anja and Kontokostas, Dimitris and Mendes, Pablo N and Hellmann, Sebastian and Morsey, Mohamed and van Kleef, Patrick and Auer, S{"o}ren and others},
  journal={Semantic Web},
  volume={6},
  number={2},
  pages={167--195},
  year={2015},
  publisher={IOS Press}
}

@article{rizzo2012nerd,
  title={NERD meets NIF: Lifting NLP Extraction Results to the Linked Data Cloud.},
  author={Rizzo, Giuseppe and Troncy, Rapha{"e}l and Hellmann, Sebastian and Bruemmer, Martin},
  journal={LDOW},
  volume={937},
  year={2012}
}

@incollection{hellmann2013integrating,
  title={Integrating NLP using linked data},
  author={Hellmann, Sebastian and Lehmann, Jens and Auer, S{"o}ren and Br{"u}mmer, Martin},
  booktitle={The Semantic Web--ISWC 2013},
  pages={98--113},
  year={2013},
  publisher={Springer}
}

@inproceedings{auer2012web,
  title={The web of data: Decentralized, collaborative, interlinked and interoperable},
  author={Auer, S{"o}ren and Hellmann, Sebastian},
  booktitle={Proceedings of the 8th International Conference on Language Resources and Evaluation (LREC-2012)},
  year={2012}
}

@article{bizer2009linked,
  title={Linked data-the story so far},
  author={Bizer, Christian and Heath, Tom and Berners-Lee, Tim},
  journal={Semantic Services, Interoperability and Web Applications: Emerging Concepts},
  pages={205--227},
  year={2009}
}

@article{berners2006linked,
  title={Linked data-design issues},
  author={Berners-Lee, Tim},
  year={2006}
}

@article{klyne2006resource,
  title={Resource description framework (RDF): Concepts and abstract syntax},
  author={Klyne, Graham and Carroll, Jeremy J},
  year={2006}
}

@article{masinter2005uniform,
  title={Uniform resource identifier (URI): Generic syntax},
  author={Masinter, Larry and Berners-Lee, Tim and Fielding, Roy T},
  year={2005}
}

@misc{fielding1999hypertext,
  title={Hypertext transfer protocol--HTTP/1.1},
  author={Fielding, Roy and Gettys, Jim and Mogul, Jeffrey and Frystyk, Henrik and Masinter, Larry and Leach, Paul and Berners-Lee, Tim},
  year={1999},
  publisher={RFC 2616, June}
}

@article{brickley2004rdf,
    title={RDF vocabulary description language 1.0: RDF schema},
    author={Brickley, Dan and Guha, Ramanathan V},
    year={2004}
}

@article{mcguinness2004owl,
  title={OWL web ontology language overview},
  author={McGuinness, Deborah L and Van Harmelen, Frank and others},
  journal={W3C recommendation},
  volume={10},
  number={10},
  pages={2004},
  year={2004}
}

@article{weaver2013facebook,
  title={Facebook linked data via the graph API},
  author={Weaver, Jesse and Tarjan, Paul},
  journal={Semantic Web},
  volume={4},
  number={3},
  pages={245--250},
  year={2013},
  publisher={IOS Press}
}

@inproceedings{suchanek2007yago,
  title={Yago: a core of semantic knowledge},
  author={Suchanek, Fabian M and Kasneci, Gjergji and Weikum, Gerhard},
  booktitle={Proceedings of the 16th international conference on World Wide Web},
  pages={697--706},
  year={2007},
  organization={ACM}
}

@inproceedings{schuhmacher2014knowledge,
  title={Knowledge-based graph document modeling},
  author={Schuhmacher, Michael and Ponzetto, Simone Paolo},
  booktitle={Proceedings of the 7th ACM international conference on Web search and data mining},
  pages={543--552},
  year={2014},
  organization={ACM}
}

@inproceedings{hulpus2013unsupervised,
  title={Unsupervised graph-based topic labelling using dbpedia},
  author={Hulpus, Ioana and Hayes, Conor and Karnstedt, Marcel and Greene, Derek},
  booktitle={Proceedings of the sixth ACM international conference on Web search and data mining},
  pages={465--474},
  year={2013},
  organization={ACM}
}

@inproceedings{scaiella2012topical,
  title={Topical clustering of search results},
  author={Scaiella, Ugo and Ferragina, Paolo and Marino, Andrea and Ciaramita, Massimiliano},
  booktitle={Proceedings of the fifth ACM international conference on Web search and data mining},
  pages={223--232},
  year={2012},
  organization={ACM}
}

@incollection{demartini2009overview,
  title={Overview of the INEX 2009 entity ranking track},
  author={Demartini, Gianluca and Iofciu, Tereza and De Vries, Arjen P},
  booktitle={Focused Retrieval and Evaluation},
  pages={254--264},
  year={2009},
  publisher={Springer}
}
